
@book{lamport94,
author 		= {Leslie Lamport},
title 		= {\textit{\LaTeX: a document preparation system}},
publisher = {Addison Wesley, Massachusetts},
date 			= {1994},
}

@article{projektBeschrieb,
author 	= {Dr. Simon Kramer},
title 	= {Projektbeschrieb: Internet Server Set-Up \& Security-Hardening Script},
journal = {BTI7301 Project 1},
date 		= {2018},
}

@book{rankin17,
author 		= {Kyle Rankin},
title 		= {Linux Hardening in Hostile Networks: Server Security from TLS to Tor},
publisher = {Addison Wesley},
date 			= {2017},
}

@article{jacobsen16,
author 	= {Ole J. Jacobsen},
title 	= {The Internet Protocol Journal Volume 19},
journal = {Number 3},
date 		= {2016},
}

@ONLINE{ufw,
author = {{Canonical Ltd}},
title = {ufw - Uncomplicated Firewall},
year = 2018,
url = {https://help.ubuntu.com/lts/serverguide/firewall.html},
urldate = {2018-10-24}
}

@ONLINE{mosh,
author = {{MIT}},
title = {Mosh (mobile shell)},
year = 2017,
url = {https://mosh.org/},
urldate = {2018-10-24}
}

@ONLINE{openssh,
author = {{OpenBSD}},
title = {OpenSSH},
year = 2017,
url = {https://www.openssh.com/},
urldate = {2018-10-24}
}

@ONLINE{rsync,
author = {Wayne Davison},
title = {rsync},
year = 2018,
url = {https://rsync.samba.org/},
urldate = {2018-10-24}
}

@ONLINE{mail-auth,
author = {Giel van Schijndel},
title = {Dovecot and Postfix client certificate authentication},
year = 2017,
url = {https://blog.mortis.eu/blog/2017/06/dovecot-and-postfix-with-client-cert-auth.html},
urldate = {2018-10-24}
}

@ONLINE{mail-rfc,
author = {K. Moore {Windrock, Inc.} and C. Newman {Oracle}},
title = {Cleartext Considered Obsolete: Use of Transport Layer Security (TLS) for Email Submission and Access},
year = 2018,
url = {https://tools.ietf.org/html/rfc8314},
urldate = {2018-10-24}
}

@ONLINE{mail-dmarc,
author = {{Global Cyber Alliance}},
title = {DMARC Setup},
year = 2016,
url = {https://dmarcguide.globalcyberalliance.org},
urldate = {2018-10-24}
}

@ONLINE{mail-mtasts,
author = {Ivan RistiÄ‡ {Hardenize}},
title = {Introducing MTA Strict Transport Security (MTA-STS)},
year = 2018,
url = {https://www.hardenize.com/blog/mta-sts},
urldate = {2018-10-24}
}

@ONLINE{hardenize,
author = {{Hardenize}},
title = {Hardenize},
year = 2018,
url = {https://www.hardenize.com},
urldate = {2018-10-25}
}

@ONLINE{observatory,
author = {{Mozilla}},
title = {Observatory by Mozilla},
year = 2018,
url = {https://observatory.mozilla.org},
urldate = {2018-10-25}
}

@ONLINE{cryptosense,
author = {{cryptosense}},
title = {Cryptosense},
year = 2018,
url = {https://cryptosense.com/discovery/},
urldate = {2018-10-25}
}

@ONLINE{htbridge,
author = {{High-Tech Bridge SA}},
title = {ImmuniWeb SSLScan},
year = 2018,
url = {https://cryptosense.com/discovery/},
urldate = {2018-10-25}
}

@ONLINE{ssllabs,
author = {{Qualys, Inc.}},
title = {SSL Server Test},
year = 2018,
url = {https://www.ssllabs.com/ssltest/analyze.html},
urldate = {2018-10-25}
}

@ONLINE{securityheaders,
author = {Scott Helme {scotthelme.co.uk}},
title = {Security Headers},
year = 2018,
url = {https://securityheaders.com/},
urldate = {2018-10-25}
}

@ONLINE{cmdns,
author = {{OARC, Inc.}},
title = {Check My DNS},
year = 2017,
url = {https://www.dns-oarc.net/oarc/services/cmdns},
urldate = {2018-10-25}
}

@ONLINE{sshcheck,
author = {{Rebex}},
title = {Rebex},
year = 2018,
url = {https://sshcheck.com},
urldate = {2018-10-25}
}

@ONLINE{nginx-ssl,
author = {Igor Sysoev and Brian Mercer},
title = {Configuring HTTPS servers},
year = 2018,
url = {http://nginx.org/en/docs/http/configuring_https_servers.html},
urldate = {2018-10-25}
}
